@misc{blaser2013practical,
  author = {Blaser, T. and Grimm, J.},
  title = {A Practical {Javascript}-Only Video-Over-{IP} Communication Platform},
  howpublished = {Student project research thesis at HSR University of Applied Science Rapperswil, published at \url{https://eprints.hsr.ch/346/}},
  year = {2013},
  note = {Link last visited on 2016-06-23.}
}

@Misc{w3c2016webrtc,
  author = {{W3C WebRTC Working Group}},
  title = {{WebRTC} 1.0: Real-time Communication Between Browsers},
  howpublished = {Specification, W3C working draft 31 May 2016, published at \url{https://www.w3.org/TR/2016/WD-webrtc-20160531/}},
  year = {2016},
  note = {Link last visited on 2016-06-24.}
}

@Misc{BGG,
  author = {{BoardGameGeek, LLC}},
  title = {Browse Board Games | {BoardGameGeek}},
  howpublished = {\url{https://boardgamegeek.com/browse/boardgame}},
  note = {Board and card game database. Last visited on 2016-06-24.}
}

@Misc{Microsoft2016datachannels,
  author = {Microsoft},
  title = {The status of {RTC} Data Channels in {Microsoft} {Edge} is Under Consideration - {Microsoft} {Edge} Development},
  howpublished = {\url{https://developer.microsoft.com/en-us/microsoft-edge/platform/status/rtcdatachannels}},
  year = {2016},
  note = {Last visited on 2016-06-28.}
}
